<record><leader>00000cas a22000007i 4500</leader><controlfield tag="001">918942236</controlfield><controlfield tag="006">m     o  d        </controlfield><controlfield tag="007">cr |n|000|||||</controlfield><controlfield tag="008">861126d184418uumsuwr neo     0   a0eng  </controlfield><datafield ind1=" " ind2=" " tag="010"><subfield code="a">  2015270715</subfield></datafield><datafield ind1=" " ind2=" " tag="040"><subfield code="a">Nz</subfield><subfield code="b">eng</subfield><subfield code="e">rda</subfield><subfield code="c">Z5A</subfield><subfield code="d">OCLCO</subfield><subfield code="d">OCLCF</subfield><subfield code="d">DLC</subfield></datafield><datafield ind1="0" ind2=" " tag="022"><subfield code="a">2469-7338</subfield><subfield code="2">1</subfield></datafield><datafield ind1=" " ind2=" " tag="042"><subfield code="a">msc</subfield><subfield code="a">nsdp</subfield></datafield><datafield ind1=" " ind2=" " tag="043"><subfield code="a">n-us-ms</subfield></datafield><datafield ind1="1" ind2="0" tag="050"><subfield code="a">ISSN RECORD</subfield></datafield><datafield ind1="1" ind2="0" tag="082"><subfield code="a">071</subfield><subfield code="2">23</subfield></datafield><datafield ind1=" " ind2="0" tag="222"><subfield code="a">Mississippi Democrat</subfield><subfield code="b">(Online)</subfield></datafield><datafield ind1="0" ind2="0" tag="245"><subfield code="a">Mississippi Democrat.</subfield></datafield><datafield ind1=" " ind2="1" tag="264"><subfield code="a">Carrollton, Mississippi :</subfield><subfield code="b">F. C. Jones &amp; J. Durdin,</subfield><subfield code="c">1844-</subfield></datafield><datafield ind1=" " ind2=" " tag="300"><subfield code="a">1 online resource</subfield></datafield><datafield ind1=" " ind2=" " tag="310"><subfield code="a">Weekly</subfield></datafield><datafield ind1=" " ind2=" " tag="336"><subfield code="a">text</subfield><subfield code="b">txt</subfield><subfield code="2">rdacontent</subfield></datafield><datafield ind1=" " ind2=" " tag="337"><subfield code="a">computer</subfield><subfield code="b">c</subfield><subfield code="2">rdamedia</subfield></datafield><datafield ind1=" " ind2=" " tag="338"><subfield code="a">online resource</subfield><subfield code="b">cr</subfield><subfield code="2">rdacarrier</subfield></datafield><datafield ind1="1" ind2=" " tag="362"><subfield code="a">Began with volume 1, number 1 (December 17, 1844).</subfield></datafield><datafield ind1=" " ind2=" " tag="500"><subfield code="a">Publisher: F.C. Jones and J. Durdin, Dec. 17, 1844-Jan. 14, 1846; F.C. Jones, Jan. 21, 1846-&lt;Aug. 18, 1847&gt;; Trousdale &amp; Clements, &lt;1848&gt;.</subfield></datafield><datafield ind1=" " ind2=" " tag="500"><subfield code="a">Editor: F.C. Jones, Dec. 17, 1844-&lt;Aug. 18, 1847&gt;; Leon. Trousdale, &lt;1848&gt;.</subfield></datafield><datafield ind1=" " ind2=" " tag="500"><subfield code="a">Some front pages of volume 1, number 1 dated December 11, 1844.</subfield></datafield><datafield ind1=" " ind2=" " tag="588"><subfield code="a">Description based on: Volume 1, number 1 (December 17, 1844); title from masthead (Chroniclingamerica.loc.gov, viewed December 2, 2015).</subfield></datafield><datafield ind1=" " ind2=" " tag="588"><subfield code="a">Latest issue consulted: Vol. III, no. 36 (August 18, 1847) (Chroniclingamerica.loc.gov, viewed December 2, 2015).</subfield></datafield><datafield ind1=" " ind2="0" tag="651"><subfield code="a">Carrollton (Miss.)</subfield><subfield code="v">Newspapers.</subfield></datafield><datafield ind1=" " ind2="7" tag="651"><subfield code="a">Mississippi</subfield><subfield code="z">Carrollton.</subfield><subfield code="2">fast</subfield><subfield code="0">(OCoLC)fst01290575</subfield></datafield><datafield ind1=" " ind2="7" tag="655"><subfield code="a">Newspapers.</subfield><subfield code="2">fast</subfield><subfield code="0">(OCoLC)fst01423814</subfield></datafield><datafield ind1=" " ind2=" " tag="752"><subfield code="a">United States</subfield><subfield code="b">Mississippi</subfield><subfield code="c">Carroll</subfield><subfield code="d">Carrollton.</subfield></datafield><datafield ind1="0" ind2="8" tag="776"><subfield code="i">Originally issued in print:</subfield><subfield code="t">Mississippi Democrat</subfield><subfield code="x">2469-732X</subfield><subfield code="w">(DLC)sn 86053972</subfield><subfield code="w">(OCoLC)14877903</subfield></datafield><datafield ind1="0" ind2="0" tag="780"><subfield code="t">Independent Democrat (Canton, Miss.)</subfield></datafield><datafield ind1="4" ind2="0" tag="856"><subfield code="u">http://www.loc.gov/chroniclingamerica/lccn/sn86053972/issues</subfield></datafield><datafield ind1="0" ind2=" " tag="029"><subfield code="a">NZ1</subfield><subfield code="b">16034636</subfield></datafield></record>